<?xml version="1.0" encoding="UTF-8"?><collection xmlns="http://www.loc.gov/MARC21/slim"><record><leader>00547nam--2200205-i-4500</leader><controlfield tag="001">000044015</controlfield><controlfield tag="002">20161230</controlfield><controlfield tag="005">20161230201044</controlfield><controlfield tag="008">060222s1000------------r-----000-0-rus-d</controlfield><datafield ind1=" " ind2=" " tag="040"><subfield code="a">IFIN-HH</subfield></datafield><datafield ind1=" " ind2=" " tag="041"><subfield code="a">rus</subfield></datafield><datafield ind1=" " ind2=" " tag="080"><subfield code="a">536.21</subfield></datafield><datafield ind1="1" ind2=" " tag="100"><subfield code="a">Carslaw, H.S</subfield></datafield><datafield ind1="1" ind2="0" tag="245"><subfield code="a">Teploprovodnosti tverdih tel</subfield><subfield code="c">H.s. carslaw; j.c. jaeger</subfield></datafield><datafield ind1=" " ind2=" " tag="260"><subfield code="a">Moskva</subfield><subfield code="b">Nauka</subfield><subfield code="c">1964</subfield></datafield><datafield ind1=" " ind2=" " tag="300"><subfield code="a">487P</subfield></datafield><datafield ind1=" " ind2=" " tag="500"><subfield code="a">Titlul Original In Limba Engleza: Conduction Of Heat In Solids</subfield></datafield><datafield ind1="1" ind2=" " tag="700"><subfield code="a">Jaeger, J. C</subfield></datafield><datafield ind1=" " ind2=" " tag="852"><subfield code="a">20822</subfield><subfield code="c">536</subfield></datafield><datafield ind1=" " ind2=" " tag="CAT"><subfield code="a">Sys</subfield><subfield code="c">20110505</subfield><subfield code="h">160504</subfield></datafield></record></collection>